<?xml version="1.0" encoding="UTF-8"?><collection xmlns="http://www.loc.gov/MARC21/slim"><record><leader>00524nam--2200169-i-4500</leader><controlfield tag="001">000019174</controlfield><controlfield tag="002">20161230</controlfield><controlfield tag="005">20161230201033</controlfield><controlfield tag="008">060222s1000------------r-----000-0-eng-d</controlfield><datafield ind1=" " ind2=" " tag="040"><subfield code="a">IFIN-HH</subfield></datafield><datafield ind1=" " ind2=" " tag="080"><subfield code="a">538.3</subfield></datafield><datafield ind1="1" ind2=" " tag="100"><subfield code="a">Deirmendjian, D</subfield></datafield><datafield ind1="1" ind2="0" tag="245"><subfield code="a">Electromagnetic scattering on spherical polydispersions</subfield><subfield code="b">With a foreword by h.c. van de hulst</subfield><subfield code="c">D. deirmendjian</subfield></datafield><datafield ind1=" " ind2=" " tag="260"><subfield code="a">New York</subfield><subfield code="b">American Elsevier Publishing Company, Inc</subfield><subfield code="c">1969</subfield></datafield><datafield ind1=" " ind2=" " tag="300"><subfield code="a">XX + 290 P</subfield></datafield><datafield ind1=" " ind2=" " tag="852"><subfield code="a">32522</subfield><subfield code="c">537:538</subfield></datafield><datafield ind1=" " ind2=" " tag="CAT"><subfield code="a">Sys</subfield><subfield code="c">20110616</subfield><subfield code="h">122810</subfield></datafield></record></collection>